%% This BibTeX bibliography file was created using BibDesk.
%% http://bibdesk.sourceforge.net/


%% Created for mann at 2014-12-12 02:03:08 -0600 


%% Saved with string encoding Unicode (UTF-8) 


@book{russell_artificial_2010,
	location = {Upper Saddle River},
	edition = {3rd ed},
	title = {Artificial intelligence: a modern approach},
	isbn = {9780136042594},
	series = {Prentice Hall series in artificial intelligence},
	shorttitle = {Artificial intelligence},
	pagetotal = {1132},
	publisher = {Prentice Hall},
	author = {Russell, Stuart J.},
	editora = {Norvig, Peter and Davis, Ernest},
	editoratype = {collaborator},
	year = {2010},
	keywords = {Artificial intelligence}
},

@misc{website:redblobgames,
      author = "Amit Patel",
      title = "Introduction to A*",
      year = "NA",
      url = "http://www.redblobgames.com/pathfinding/a-star/introduction.html"
},

@misc{website:what-when-how,
      author = "The-Crankshaft Publishing",
      title = "A Comparison of Cooling Schedules for Simulated Annealing (Artificial Intelligence)",
      year = "NA",
      url = "http://what-when-how.com/artificial-intelligence/a-comparison-of-cooling-schedules-for-simulated-annealing-artificial-intelligence/"
}